@inproceedings{Pirlea2018,
  author    = {George P{\^{\i}}rlea and
               Ilya Sergey},
  title     = {Mechanising blockchain consensus},
  booktitle = {Certified Programs and Proofs},
  pages     = {78--90},
  year      = {2018},
}

@article{Buterin2017,
  author    = {Vitalik Buterin and
               Virgil Griffith},
  title     = {Casper the Friendly Finality Gadget},
  journal   = {CoRR},
  volume    = {abs/1710.09437},
  year      = {2017}
}

@misc{Nakamoto2008,
    author = {Nakamoto, Satoshi},
    url = {http://www.bitcoin.org/bitcoin.pdf},
    title = {{Bitcoin: A peer-to-peer electronic cash system}},
    year = {2008}
}

@article{Wood2014,
  title={Ethereum: A secure decentralised generalised transaction ledger},
  author={Wood, Gavin},
  year = 2014,
  url = {http://gavwood.com/paper.pdf},
}

@misc{Toychain,
    url = {https://github.com/certichain/toychain},
    title = {Toychain},
    year = {2018},
}

@misc{CasperToychain,
    url = {https://github.com/palmskog/caspertoychain/},
    title = {{Casper Toychain}},
    year = {2018},
}

@misc{Bitoychain,
 url = {https://github.com/palmskog/bitoychain},
 title = {Bitoychain},
 year = {2018},
}

@Article{Czajka2018,
author="Czajka, {\L}ukasz
and Kaliszyk, Cezary",
title="Hammer for {Coq}: Automation for Dependent Type Theory",
journal="Journal of Automated Reasoning",
year="2018",
LONGmonth="Jun",
LONGday="01",
volume="61",
number="1",
pages="423--453",
LONGissn="1573-0670",
LONGdoi="10.1007/s10817-018-9458-4",
LONGurl="https://doi.org/10.1007/s10817-018-9458-4"
}

@misc{CoqHammer,
 url = {https://github.com/lukaszcz/coqhammer},
 title = {CoqHammer},
 year = {2018},
}

@misc{pos,
 url = {https://github.com/palmskog/pos},
 author = {Yoichi Hirai},
 title = {A repository for {PoS} related formal methods},
 year = {2018},
}

@inproceedings{Woos2016,
 author = {Woos, Doug and Wilcox, James R. and Anton, Steve and Tatlock, Zachary and Ernst, Michael D. and Anderson, Thomas},
 title = {Planning for Change in a Formal Verification of the {Raft} Consensus Protocol},
 booktitle = {CPP},
 year = {2016},
 pages = {154--165},
 LONGurl = {http://doi.acm.org/10.1145/2854065.2854081},
 LONGdoi = {10.1145/2854065.2854081},
 LONGaddress = {New York, NY, USA},
}

@article{Appel2017,
  author = {Appel, Andrew W. and Beringer, Lennart and Chlipala, Adam and Pierce, Benjamin C. and Shao, Zhong and Weirich, Stephanie and Zdancewic, Steve},
  title = {Position paper: the science of deep specification},
  volume = {375},
  number = {2104},
  year = {2017},
  LONGdoi = {10.1098/rsta.2016.0331},
  LONGpublisher = {The Royal Society},
  LONGissn = {1364-503X},
  journal = {Philosophical Transactions of the Royal Society of London A: Mathematical, Physical and Engineering Sciences}
}

@misc{MathComp,
  title = {Mathematical Components Project},
  url = {https://math-comp.github.io/math-comp/},
  year= {2018},
}

@Article{Ballarin2014,
author="Ballarin, Clemens",
title="Locales: A Module System for Mathematical Theories",
journal="Journal of Automated Reasoning",
year="2014",
month="Feb",
day="01",
volume="52",
number="2",
pages="123--153",
LONGissn="1573-0670",
LONGdoi="10.1007/s10817-013-9284-7",
LONGurl="https://doi.org/10.1007/s10817-013-9284-7"
}

@misc{Beacon,
  title = {{Beacon Chain}},
  url = {https://github.com/ethereum/beacon_chain/},
  year= {2018},
}

@misc{CasperToychain,
  title = {{Casper Toychain}},
  url = {https://github.com/palmskog/caspertoychain},
  year= {2018},
}

@misc{fcslpcm,
  title = {{PCM} library},
  url = {https://github.com/imdea-software/fcsl-pcm},
  year= {2018},
}

@misc{sharding,
  title = {Sharding {FAQs}},
  url = {https://github.com/ethereum/wiki/wiki/Sharding-FAQs},
  year= {2018},
}

@inproceedings{Garillot2009,
  author = "Garillot, Fran{\c{c}}ois and Gonthier, Georges and Mahboubi, Assia and Rideau, Laurence",
  title = {Packaging Mathematical Structures},
  booktitle = "Theorem Proving in Higher Order Logics",
  year = "2009",
  LONGpublisher = "Springer Berlin Heidelberg",
  LONGaddress = "Berlin, Heidelberg",
  pages = {327--342},
}

@Inproceedings{Gonthier2013,
author="Gonthier, Georges
and Asperti, Andrea
and Avigad, Jeremy
and Bertot, Yves
and Cohen, Cyril
and Garillot, Fran{\c{c}}ois
and Le Roux, St{\'e}phane
and Mahboubi, Assia
and O'Connor, Russell
and Ould Biha, Sidi
and Pasca, Ioana
and Rideau, Laurence
and Solovyev, Alexey
and Tassi, Enrico
and Th{\'e}ry, Laurent",
LONGeditor="Blazy, Sandrine
and Paulin-Mohring, Christine
and Pichardie, David",
title="A Machine-Checked Proof of the Odd Order Theorem",
bookTitle="Interactive Theorem Proving",
year="2013",
LONGpublisher="Springer Berlin Heidelberg",
LONGaddress="Berlin, Heidelberg",
pages="163--179",
LONGisbn="978-3-642-39634-2",
LONGdoi="10.1007/978-3-642-39634-2_14",
}

@Inproceedings{Bertot2008,
author="Bertot, Yves
and Gonthier, Georges
and Ould Biha, Sidi
and Pasca, Ioana",
LONGeditor="Mohamed, Otmane Ait
and Mu{\~{n}}oz, C{\'e}sar
and Tahar, Sofi{\`e}ne",
title="Canonical Big Operators",
bookTitle="Theorem Proving in Higher Order Logics",
year="2008",
LONGpublisher="Springer",
LONGaddress="Berlin, Germany",
pages="86--101",
LONGisbn="978-3-540-71067-7",
doi="10.1007/978-3-540-71067-7_11",
LONGurl="https://doi.org/10.1007/978-3-540-71067-7_11",
}

@InProceedings{proof-of-stake,
author="Bentov, Iddo
and Gabizon, Ariel
and Mizrahi, Alex",
editor="Clark, Jeremy
and Meiklejohn, Sarah
and Ryan, Peter Y.A.
and Wallach, Dan
and Brenner, Michael
and Rohloff, Kurt",
title="Cryptocurrencies Without Proof of Work",
booktitle="Financial Cryptography and Data Security",
year="2016",
publisher="Springer",
address="Berlin, Heidelberg",
pages="142--157",
isbn="978-3-662-53357-4"
}

@misc{EthereumGrant2018,
  author = {{Ethereum Team}},
  title = {Announcing Beneficiaries of the Ethereum Foundation Grants},
  url = {https://blog.ethereum.org/2018/03/07/announcing-beneficiaries-ethereum-foundation-grants/},
  year = {2018},
}

@book{CoqArt,
  title = {Interactive Theorem Proving and Program Development: {Coq'Art}: The Calculus of Inductive Constructions},
  year = {2004},
  doi = {10.1007/978-3-662-07964-5},
  author = {Yves Bertot and Pierre Casteran},
  publisher = {Springer Berlin Heidelberg},
  address = {Berlin, Heidelberg},
  series = {Texts in Theoretical Computer Science An EATCS Series},
  isbn = {978-3-662-07964-5},
  keywords = {proof-organization, proof-development, foundations},
}

@article{Sergey2018,
  author    = {Ilya Sergey and
               James R. Wilcox and
               Zachary Tatlock},
  title     = {Programming and Proving with Distributed Protocols},
  year      = {2018},
  journal   = {{PACMPL}},
  volume    = {2},
  number    = {{POPL}},
  pages     = {28:1--28:30},
}

@article{Rahli2017,
title = "{EventML}: Specification, verification, and implementation of crash-tolerant state machine replication systems",
journal = "Science of Computer Programming",
volume = "148",
pages = "26 - 48",
year = "2017",
note = "Special issue on Automated Verification of Critical Systems (AVoCS 2015)",
issn = "0167-6423",
doi = "10.1016/j.scico.2017.05.009",
url = "http://www.sciencedirect.com/science/article/pii/S0167642317301193",
author = "Vincent Rahli and David Guaspari and Mark Bickford and Robert L. Constable",
}

@InProceedings{Rahli2018,
author="Rahli, Vincent
and Vukotic, Ivana
and V{\"o}lp, Marcus
and Esteves-Verissimo, Paulo",
editor="Ahmed, Amal",
title="Velisarios: Byzantine Fault-Tolerant Protocols Powered by {Coq}",
booktitle="Programming Languages and Systems",
year="2018",
publisher="Springer International Publishing",
address="Cham",
pages="619--650",
doi="10.1007/978-3-319-89884-1_22",
isbn="978-3-319-89884-1"
}

@article{Fischer1985,
 author = {Fischer, Michael J. and Lynch, Nancy A. and Paterson, Michael S.},
 title = {Impossibility of Distributed Consensus with One Faulty Process},
 journal = {J. ACM},
 issue_date = {April 1985},
 volume = {32},
 number = {2},
 month = apr,
 year = {1985},
 issn = {0004-5411},
 pages = {374--382},
 numpages = {9},
 url = {http://doi.acm.org/10.1145/3149.214121},
 doi = {10.1145/3149.214121},
 acmid = {214121},
 publisher = {ACM},
 address = {New York, NY, USA},
}

@article{Lamport1998,
 author = {Lamport, Leslie},
 title = {The Part-time Parliament},
 journal = {ACM Trans. Comput. Syst.},
 issue_date = {May 1998},
 volume = {16},
 number = {2},
 month = may,
 year = {1998},
 issn = {0734-2071},
 pages = {133--169},
 numpages = {37},
 url = {http://doi.acm.org/10.1145/279227.279229},
 doi = {10.1145/279227.279229},
 acmid = {279229},
 publisher = {ACM},
 address = {New York, NY, USA},
}

@inproceedings{Hawblitzel2015,
 author = {Hawblitzel, Chris and Howell, Jon and Kapritsos, Manos and Lorch, Jacob R. and Parno, Bryan and Roberts, Michael L. and Setty, Srinath and Zill, Brian},
 title = {{IronFleet}: Proving Practical Distributed Systems Correct},
 booktitle = {Proceedings of the 25th Symposium on Operating Systems Principles},
 series = {SOSP '15},
 year = {2015},
 isbn = {978-1-4503-3834-9},
 location = {Monterey, California},
 pages = {1--17},
 numpages = {17},
 url = {http://doi.acm.org/10.1145/2815400.2815428},
 doi = {10.1145/2815400.2815428},
 acmid = {2815428},
 publisher = {ACM},
 address = {New York, NY, USA},
} 

@inproceedings{Fonseca2017,
 author = {Fonseca, Pedro and Zhang, Kaiyuan and Wang, Xi and Krishnamurthy, Arvind},
 title = {An Empirical Study on the Correctness of Formally Verified Distributed Systems},
 booktitle = {Proceedings of the Twelfth European Conference on Computer Systems},
 series = {EuroSys '17},
 year = {2017},
 isbn = {978-1-4503-4938-3},
 location = {Belgrade, Serbia},
 pages = {328--343},
 numpages = {16},
 url = {http://doi.acm.org/10.1145/3064176.3064183},
 doi = {10.1145/3064176.3064183},
 publisher = {ACM},
 address = {New York, NY, USA},
 keywords = {trusted-bases, impact},
}

@article{Gonthier2010,
  author = {Georges Gonthier and Assia Mahboubi},
  title = {An introduction to small scale reflection in {Coq}},
  journal = {Journal of Formalized Reasoning},
  volume = {3},
  number = {2},
  year = {2010},
  keywords = {proof-organization, proof-development},
  issn = {1972-5787},
  pages = {95--152},
}

@inproceedings{Lesani2016,
 author = {Lesani, Mohsen and Bell, Christian J. and Chlipala, Adam},
 title = {{Chapar}: Certified Causally Consistent Distributed Key-value Stores},
 booktitle = {Proceedings of the 43rd Annual ACM SIGPLAN-SIGACT Symposium on Principles of Programming Languages},
 series = {POPL '16},
 year = {2016},
 isbn = {978-1-4503-3549-2},
 location = {St. Petersburg, FL, USA},
 pages = {357--370},
 numpages = {14},
 url = {http://doi.acm.org/10.1145/2837614.2837622},
 doi = {10.1145/2837614.2837622},
 acmid = {2837622},
 publisher = {ACM},
 address = {New York, NY, USA},
}

@article{Geuvers2009,
  author = {Geuvers, H.},
  title = {Proof assistants: History, ideas and future},
  journal = {Sadhana},
  year = {2009},
  volume = {34},
  number = {1},
  pages = {3--25},
  issn = {0973-7677},
  doi = {10.1007/s12046-009-0001-5},
  url = {http://dx.doi.org/10.1007/s12046-009-0001-5},
  keywords = {foundations}
}

@incollection{Harrison2014,
title = "History of Interactive Theorem Proving",
editor = "J{\"o}rg H. Siekmann",
series = "Handbook of the History of Logic",
publisher = "North-Holland",
volume = "9",
number = "Supplement C",
pages = "135--214",
year = "2014",
booktitle = "Computational Logic",
issn = "1874-5857",
doi = "10.1016/B978-0-444-51624-4.50004-6",
url = "http://www.sciencedirect.com/science/article/pii/B9780444516244500046",
author = "John Harrison and Josef Urban and Freek Wiedijk"
}

@article{Leroy2009,
 author = {Leroy, Xavier},
 title = {Formal Verification of a Realistic Compiler},
 journal = {Commun. ACM},
 issue_date = {July 2009},
 volume = {52},
 number = {7},
 month = jul,
 year = {2009},
 issn = {0001-0782},
 pages = {107--115},
 numpages = {9},
 url = {http://doi.acm.org/10.1145/1538788.1538814},
 doi = {10.1145/1538788.1538814},
 publisher = {ACM},
 address = {New York, NY, USA},
} 

@inproceedings{Yang2011,
 author = {Yang, Xuejun and Chen, Yang and Eide, Eric and Regehr, John},
 title = {Finding and Understanding Bugs in {C} Compilers},
 booktitle = {Proceedings of the 32nd ACM SIGPLAN Conference on Programming Language Design and Implementation},
 series = {PLDI '11},
 year = {2011},
 isbn = {978-1-4503-0663-8},
 location = {San Jose, California, USA},
 pages = {283--294},
 numpages = {12},
 url = {http://doi.acm.org/10.1145/1993498.1993532},
 doi = {10.1145/1993498.1993532},
 publisher = {ACM},
 address = {New York, NY, USA},
 keywords = {trusted-bases},
}

@inproceedings{Pollack1998,
  title = {How to Believe a Machine-Checked Proof},
  author = {Robert Pollack},
  editor = {G. Sambin and J. Smith},
  booktitle = {Twenty Five Years of Constructive Type Theory},
  publisher = {Oxford University Press},
  year = {1998},
  keywords = {foundations, trusted-bases},
}
